@misc{mllectures,
  title = {Machine Learning Lectures and Notebooks},
  note = {Available at: \url{https://scikit-learn.org/1.5/modules/generated/sklearn.ensemble.RandomForestClassifier.html}}
}

@misc{randomforest,
  title = {RandomForestClassifier},
  note = {Scikit-learn Documentation. Available at: \url{https://scikit-learn.org/1.5/modules/generated/sklearn.ensemble.RandomForestClassifier.html}}
}

@misc{mlpclassifier,
  title = {MLPClassifier},
  note = {Scikit-learn Documentation. Available at: \url{https://scikit-learn.org/1.5/modules/generated/sklearn.neural_network.MLPClassifier.html#sklearn.neural_network.MLPClassifier}}
}

@misc{knnclassifier,
  title = {KNeighborsClassifier},
  note = {Scikit-learn Documentation. Available at: \url{https://scikit-learn.org/1.5/modules/generated/sklearn.neighbors.KNeighborsClassifier.html}}
}

@misc{randomizedsearchcv,
  title = {RandomizedSearchCV},
  note = {Scikit-learn Documentation. Available at: \url{https://scikit-learn.org/1.5/modules/generated/sklearn.model_selection.RandomizedSearchCV.html}}
}

@misc{gridsearchcv,
  title = {GridSearchCV},
  note = {Scikit-learn Documentation. Available at: \url{https://scikit-learn.org/1.5/modules/generated/sklearn.model_selection.GridSearchCV.html}}
}

@misc{minmaxscaler,
  title = {MinMaxScaler},
  note = {Scikit-learn Documentation. Available at: \url{https://scikit-learn.org/1.5/modules/generated/sklearn.preprocessing.MinMaxScaler.html}}
}

@misc{onevsrest,
  title = {One-vs-Rest and One-vs-One for Multi-Class Classification},
  note = {Available at: \url{https://machinelearningmastery.com/one-vs-rest-and-one-vs-one-for-multi-class-classification/}}
}

@misc{decisiontree,
  title = {DecisionTreeClassifier},
  note = {Scikit-learn Documentation. Available at: \url{https://scikit-learn.org/dev/modules/generated/sklearn.tree.DecisionTreeClassifier.html}}
}

@misc{f1score,
  title = {F1 Score in Machine Learning},
  note = {Available at: \url{https://encord.com/blog/f1-score-in-machine-learning/#:~:text=Typically%2C\%20an\%20F1\%20score\%20\%3E\%200.9,to\%20have\%20a\%20poor\%20performance.}}
}

@misc{downloadwav,
  title = {Minimal Studio - Download WAV},
  note = {Available at: \url{https://www.minimalstudio.de/download-wav/}}
}

@misc{pixabaywav,
  title = {Pixabay - Search WAV},
  note = {Available at: \url{https://pixabay.com/music/search/wav/}}
}

@misc{librosa,
  title = {Librosa Features},
  note = {Available at: \url{https://librosa.org/doc/latest/feature.html#module-librosa.feature}}
}

@misc{peeters2003,
  author = {Geoffroy Peeters},
  title = {A large set of audio features for sound description (similarity and classification) in the CUIDADO project},
  year = {2003},
  note = {Available at: \url{http://recherche.ircam.fr/anasyn/peeters/ARTICLES/Peeters_2003_cuidadoaudiofeatures.pdf}}
}